<record><leader>00000cas a22000007a 4500</leader><controlfield tag="001">32984840</controlfield><controlfield tag="008">950814d19621968caudr ne      0    0eng d</controlfield><datafield ind1=" " ind2=" " tag="010"><subfield code="a">sn 95061939 </subfield></datafield><datafield ind1=" " ind2=" " tag="040"><subfield code="a">CNK</subfield><subfield code="b">eng</subfield><subfield code="c">CNK</subfield><subfield code="d">NSD</subfield><subfield code="d">CNK</subfield><subfield code="d">OCLCQ</subfield><subfield code="d">OCLCF</subfield><subfield code="d">OCLCO</subfield></datafield><datafield ind1="1" ind2=" " tag="029"><subfield code="a">AU@</subfield><subfield code="b">000025867226</subfield></datafield><datafield ind1=" " ind2=" " tag="042"><subfield code="a">msc</subfield></datafield><datafield ind1=" " ind2=" " tag="043"><subfield code="a">n-us-ca</subfield></datafield><datafield ind1="0" ind2=" " tag="130"><subfield code="a">Independent (Pasadena, Calif.)</subfield></datafield><datafield ind1="1" ind2="4" tag="245"><subfield code="a">The independent.</subfield></datafield><datafield ind1="1" ind2=" " tag="246"><subfield code="i">On Saturday and Sunday published as:</subfield><subfield code="a">Independent star-news</subfield><subfield code="f">Jan. 7, 1967-Dec. 29, 1968</subfield></datafield><datafield ind1=" " ind2=" " tag="260"><subfield code="a">Pasadena, Calif. :</subfield><subfield code="b">Bernard J. Ridder</subfield></datafield><datafield ind1=" " ind2=" " tag="300"><subfield code="a">v.</subfield></datafield><datafield ind1=" " ind2=" " tag="310"><subfield code="a">Daily</subfield></datafield><datafield ind1="0" ind2=" " tag="362"><subfield code="a">Jan. 8, 1962-v. 35, no. 225 (Dec. 31, 1968).</subfield></datafield><datafield ind1=" " ind2=" " tag="580"><subfield code="a">Morning ed.: Star-news (Pasadena, Calif. : 1956).</subfield></datafield><datafield ind1=" " ind2="0" tag="651"><subfield code="a">Pasadena (Calif.)</subfield><subfield code="v">Newspapers.</subfield></datafield><datafield ind1=" " ind2="7" tag="655"><subfield code="a">Newspapers.</subfield><subfield code="2">fast</subfield><subfield code="0">(OCoLC)fst01423814</subfield></datafield><datafield ind1=" " ind2="7" tag="651"><subfield code="a">California</subfield><subfield code="z">Pasadena.</subfield><subfield code="2">fast</subfield><subfield code="0">(OCoLC)fst01204693</subfield></datafield><datafield ind1=" " ind2=" " tag="752"><subfield code="a">United States</subfield><subfield code="b">California</subfield><subfield code="c">Los Angeles</subfield><subfield code="d">Pasadena.</subfield></datafield><datafield ind1="1" ind2=" " tag="775"><subfield code="t">Star-news (Pasadena, Calif. : 1956)</subfield><subfield code="x">1087-3031</subfield><subfield code="w">(DLC)sn 95061937</subfield></datafield><datafield ind1="0" ind2="0" tag="780"><subfield code="t">Pasadena independent</subfield><subfield code="w">(DLC)sn 91066452</subfield></datafield><datafield ind1="0" ind2="0" tag="785"><subfield code="t">Star-news (Pasadena, Calif. : Independent ed.)</subfield><subfield code="w">(DLC)sn 95061940</subfield></datafield></record>